<?xml version="1.0" encoding="UTF-8"?><collection xmlns="http://www.loc.gov/MARC21/slim"><record><leader>00442nam--2200169-i-4500</leader><controlfield tag="001">000024765</controlfield><controlfield tag="002">20161230</controlfield><controlfield tag="005">20161230201035</controlfield><controlfield tag="008">060222s1000------------r-----000-0-eng-d</controlfield><datafield ind1=" " ind2=" " tag="040"><subfield code="a">IFIN-HH</subfield></datafield><datafield ind1=" " ind2=" " tag="080"><subfield code="a">539.171.016</subfield></datafield><datafield ind1="1" ind2=" " tag="100"><subfield code="a">Hodgson, P.E</subfield></datafield><datafield ind1="1" ind2="0" tag="245"><subfield code="a">The optical model of elastic scattering</subfield><subfield code="c">P.e. hodgson</subfield></datafield><datafield ind1=" " ind2=" " tag="260"><subfield code="a">Oxford</subfield><subfield code="b">Clarendon Press</subfield><subfield code="c">1963</subfield></datafield><datafield ind1=" " ind2=" " tag="300"><subfield code="a">VIII + 208P</subfield></datafield><datafield ind1=" " ind2=" " tag="852"><subfield code="a">78897</subfield><subfield code="c">539.17</subfield></datafield><datafield ind1=" " ind2=" " tag="CAT"><subfield code="a">Sys</subfield><subfield code="c">20110905</subfield><subfield code="h">120215</subfield></datafield></record></collection>